


# Evaluating the Ownership Spirit Displayed by the Golf Course Reconstruction and Development (RDP) Housing Programme Beneficiaries with Evidence Emanating from the 2011-2013 Research Case Study




@article{resale,
  title = {Premier launches RDP housing project in north},
  author = {Matsena, David},
 journaltitle = {Rekord North},
  year = {2018},
  mon = {February},
  URL = {https://rekordnorth.co.za/121824/premier-launches-rdp-housing-project-in-north/},
}



@article{casestudytinazonke,
  title = {A Case Study of Participation in the Thinasonke Ext 4 FEDUP Pledge Project},
  author = {Mathoho, Malachia},
  journaltitle = {Participation and Development from the Perspective of the Poor},
  year = {2010},
  mon = {March},
  URL = {http://www.planact.org.za/participation-and-development-from-the-perspective-of-the-poor-2008-2009/},
}




@article{protest,
  title = {R95m down the tubes as housing project picked apart brick by brick},
  author = {Dlmini, Penwell},
 journaltitle = {Times Live},
  year = {2017},
  mon = {September},
  URL = {https://www.timeslive.co.za/news/south-africa/2017-09-12-r95m-down-the-tubes-as-housing-project-picked-apart-brick-by-brick/},
}



@TechReport{bng,
    title = {Breaking New Ground: A Comprehensive Plan for the Development of Sustainable Human Settlements},
    year = {2004},
    author ={{Department of Human Settlements}},
    URL = {http://abahlali.org/files/Breaking%20new%20ground%20New_Housing_Plan_Cabinet_approved_version.pdf}
}

@TechReport{serihistory,
    title = {A Resource Guide to Housing in South Africa 1994-2010: Legislation, Policy, Programmes and Practice},
    year = {2011},
    mon = {February},
    author ={Tissington, Kate},
    institution = {Socio-Economic Rights Institute of South Africa},
    URL = {https://www.seri-sa.org/images/stories/SERI_Housing_Resource_Guide_Feb11.pdf}
}

@TechReport{seriq,
    title = {Jumping the Queue, Waiting Lists and other Myths: Perceptions and Practice around Housing Demand and Allocation in South Africa},
    year = {2013},
    mon = {April},
    author ={ Durojaye, Ebenezer and Mirugi-Mukundi, Gladys and Munshi, Naadira and  Tissington, Kate},
    institution = {Socio-Economic Rights Institute of South Africa, Community Law Centre University of the Western Cape},
    URL = {http://www.seri-sa.org/images/Jumping_the_Queue_MainReport_Jul13.pdf}
}


@TechReport{dhsreports,
    title = {Annual Reports},
    year = {2012,2015},
    author ={{Department of Human Settlements}},
    URL = {http://www.dhs.gov.za/content/annual-reports}
}

@article{franklin2016enabled,
  title={Enabled to work: the impact of government housing on slum dwellers in South Africa},
  author={Franklin, Simon},
  year={2016},
  publisher={Spatial Economics Research Centre}
}


@article{10.1257/jep.27.4.187,
Author = {Marx, Benjamin and Stoker, Thomas and Suri, Tavneet},
Title = {The Economics of Slums in the Developing World},
Journal = {Journal of Economic Perspectives},
Volume = {27},
Number = {4},
Year = {2013},
Month = {November},
Pages = {187-210},
DOI = {10.1257/jep.27.4.187},
URL = {http://www.aeaweb.org/articles?id=10.1257/jep.27.4.187}}


@article{takeuchi2008measuring,
  title={Measuring the welfare effects of slum improvement programs: The case of Mumbai},
  author={Takeuchi, Akie and Cropper, Maureen and Bento, Antonio},
  journal={Journal of Urban Economics},
  volume={64},
  number={1},
  pages={65--84},
  year={2008},
  publisher={Elsevier}
}


@article{galiani2017shelter,
  title={Shelter from the storm: Upgrading housing infrastructure in Latin American slums},
  author={Galiani, Sebastian and Gertler, Paul J and Undurraga, Raimundo and Cooper, Ryan and Mart{\'\i}nez, Sebasti{\'a}n and Ross, Adam},
  journal={Journal of Urban Economics},
  volume={98},
  pages={187--213},
  year={2017},
  publisher={Elsevier}
}


